<?xml version="1.0" encoding="UTF-8"?><collection xmlns="http://www.loc.gov/MARC21/slim"><record><leader>00408nam--2200169-i-4500</leader><controlfield tag="001">000002123</controlfield><controlfield tag="002">20161230</controlfield><controlfield tag="005">20161230201024</controlfield><controlfield tag="008">060222s1000------------r-----000-0-eng-d</controlfield><datafield ind1=" " ind2=" " tag="040"><subfield code="a">IFIN-HH</subfield></datafield><datafield ind1=" " ind2=" " tag="080"><subfield code="a">519.24</subfield></datafield><datafield ind1="1" ind2=" " tag="100"><subfield code="a">Doob, J.L</subfield></datafield><datafield ind1="1" ind2="0" tag="245"><subfield code="a">Stochastic processes</subfield><subfield code="c">J.l.doob</subfield></datafield><datafield ind1=" " ind2=" " tag="260"><subfield code="a">New York, J.Willey, /1953/</subfield></datafield><datafield ind1=" " ind2=" " tag="300"><subfield code="a">VIII + 654 P</subfield></datafield><datafield ind1=" " ind2=" " tag="852"><subfield code="a">11820</subfield><subfield code="c">519.2</subfield></datafield><datafield ind1=" " ind2=" " tag="CAT"><subfield code="a">Sys</subfield><subfield code="c">20100517</subfield><subfield code="h">104418</subfield></datafield></record></collection>